@misc{alphagozero,
title={Mastering the Game of Go without Human Knowledge},
author={David Silver and Julian Schrittwieser and Karen Simonyan and Ioannis Antonoglou and Aja Huang and Arthur Guez and Thomas Hubert and Lucas Baker and Matthew Lai and Adrian Bolton and Yutian Chen and Timothy Lillicrap and Fan Hui and Laurent Sifre and George van den Driessche and Thore Graepel and Demis Hassabis},
}
@misc{alphagozerofig,
title={Mastering the Game of Go without Human Knowledge},
author={David Silver and Julian Schrittwieser and Karen Simonyan and Ioannis Antonoglou and Aja Huang and Arthur Guez and Thomas Hubert and Lucas Baker and Matthew Lai and Adrian Bolton and Yutian Chen and Timothy Lillicrap and Fan Hui and Laurent Sifre and George van den Driessche and Thore Graepel and Demis Hassabis},
pages={4},
}
@misc{thompson,
title={A Tutorial on Thompson Sampling},
author={Daniel J. Russo and Benjamin Van Ro and Abbas Kazerouni and Ian Osband and and Zheng Wen},
year={2017},
}
@misc{klucb,
title={Bandit Algorithms book},
author={Tor Lattimore and Csaba Szepesvári},
pages={131},
url={https://tor-lattimore.com/downloads/book/book.pdf},
}

@misc{mcts,
title={A survey of Monte-Carlo tree search methods},
author={Browne and C. et al},
pages={5-12},
conference={IEEE Transactions of Computational Intelligence and AI in Games},
year={2012}
}
@misc{klucbbound,
title={Bandit Algorithms book, Theorem 10.6},
author={Tor Lattimore and Csaba Szepesvári},
pages={131},

url={https://tor-lattimore.com/downloads/book/book.pdf},
}

@misc{thompsonbound,
title={Thompson Sampling for the Multi-armed Bandit Problem, Lecture 23, Theorem 23.2},
author={M. K. Hanawal},
url={http://www.ieor.iitb.ac.in/files/faculty/mhanawal/courses/IE613_Jan18/LectuteNotes/Lec23.pdf},
}